@Misc{visofpoketype,
howpublished = {\url{https://www.kaggle.com/kitman0804/visualisation-of-pokemons-type}},
title = {Visualisation of Pokemons' type},
author = {PerryCheng},
year = {2016}
}
@Misc{pokeanalysis,
howpublished = {\url{https://www.kaggle.com/casuru/pokemon-analysis}},
title = {Pokemon Analysis},
author = {Chineye Asuru},
year = {2016}
}

@Misc{worldofpokemon,
howpublished = {\url{https://www.kaggle.com/nayansolanki2411/world-of-pokemon}},
title = {World of pokemon},
author = {Nayan solanki},
year = {2016}
}
@Misc{explepoketypes,
howpublished = {\url{https://www.kaggle.com/lislejoem/exploration-into-pokemon-types}},
title = {Exploration into Pokemon Types},
author = {Lislejoem},
year = {2016}
}
@Misc{predictlegendary,
howpublished = {\url{https://www.kaggle.com/residentmario/predicting-legendary-status}},
title = {Predicting Legendary Status},
author = {Aleksey Bilogur},
year = {2016}
}


语法可以在这里看到
https://verbosus.com/bibtex-style-examples.html
下面的东西仅作语法参考
